@book{tire_basics,
  title={Vehicle dynamics and control},
  author={Rajamani, Rajesh},
  year={2011},
  publisher={Springer Science \& Business Media}
}

@inproceedings{planetary_lagrange,
author = {Samanuhut, Patinya and Dogan, Atilla},
year = {2008},
month = {01},
pages = {},
title = {Dynamics Equations of Planetary Gear Sets for Shift Quality by Lagrange Method},
journal = {2008 Proceedings of the ASME Dynamic Systems and Control Conference, DSCC 2008},
doi = {10.1115/DSCC2008-2151}
}